@thesis{2015Colquhoun,
    author={Brian Colquhoun},
    title={Bottomonium and B Physics with Lattice NRQCD b Quarks},
    institution={University of Glasgow},
    year={2015},
}

@thesis{2010Meinel,
    author={Stefan Meinel},
    title={Heavy quark physics on the lattice
           with improved nonrelativistic actions},
    institution={University of Cambridge},
    year={2010},
}

@thesis{2016Chakraborty,
    author={Bipasha Chakraborty},
    title={Precision tests of the standard model using lattice QCD},
    institution={University of Glasgow},
    year={2016},
}

@book{2010QFT,
    author={F. Mandl, G. Shaw},
    title={Quantum Field Theory},
    publisher={John Wiley \& Sons},
    year={2010},
}

@article{1948Feynman,
    author={R. P. Feynman},
    title={Space-Time Approach to Non-Relativistic Quantum Mechanics},
    journal = {Rev. Mod. Phys.},
    volume = {20},
    issue = {2},
    pages = {367--387},
    numpages = {0},
    year = {1948},
    month = {4},
    publisher = {American Physical Society},
    doi = {10.1103/RevModPhys.20.367},
}

@article{1974Wilson,
    title = {Confinement of quarks},
    author = {Wilson, Kenneth G.},
    journal = {Phys. Rev. D},
    volume = {10},
    issue = {8},
    pages = {2445--2459},
    numpages = {0},
    year = {1974},
    month = {10},
    publisher = {American Physical Society},
    doi = {10.1103/PhysRevD.10.2445},
}

@book{2009LatticeDiscretization,
    series = {Lecture notes in physics},
    abstract = {This introduction to quantum chromodynamics presents the basic concepts and calculations in a clear and didactic style accessible to those new to the field. Readers will find useful methods for obtaining numerical results, including pure gauge theory and quenched spectroscopy.},
    volume = {788},
    publisher = {Springer Berlin / Heidelberg},
    booktitle = {<h>Quantum</h> <h>Chromodynamics</h> on the <h>Lattice</h>},
    isbn = {3642018491},
    year = {2009},
    title = {Quantum Chromodynamics on the Lattice: An Introductory Presentation},
    language = {eng},
    address = {Berlin, Heidelberg},
    author = {Gattringer, Christof and Lang, Christian B},
    keywords = {Quantum chromodynamics ; Fermions ; Lattice theory},
}

@article{1983ImproveLatticeAction,
    title = "Continuum limit and improved action in lattice theories: (I). Principles and $\phi^4$ theory",
    journal = "Nuclear Physics B",
    volume = "226",
    number = "1",
    pages = "187 - 204",
    year = "1983",
    issn = "0550-3213",
    doi = "https://doi.org/10.1016/0550-3213(83)90468-6",
    author = "K. Symanzik",
}

    %TODO: Complete
@dataset{data:prelim_meff,
    author = {TBC},
    title = {\code{\textup{2pt\_hisq\_msml5\_fine\_D\_nongold\_489conf.dat}}},
    year = {2020},
}

@book{efron1982jackknife,
  title={The jackknife, the bootstrap and other resampling plans},
  author={Efron, Bradley},
  year={1982},
  publisher={SIAM}
}

@article{mcintosh2016jackknife,
  title={The Jackknife estimation method},
  author={McIntosh, Avery},
  journal={arXiv preprint arXiv:1606.00497},
  year={2016}
}

